@article{Trautman2010,
author = {Trautman, Peter and Krause, Andreas},
doi = {10.1109/IROS.2010.5654369},
file = {:Users/ntraft/Documents/education/robotics/research/IROS2010\_trautman\_krause.pdf:pdf},
isbn = {978-1-4244-6674-0},
journal = {2010 IEEE/RSJ International Conference on Intelligent Robots and Systems},
mendeley-groups = {563 - Robotics/Project},
month = oct,
pages = {797--803},
publisher = {Ieee},
title = {{Unfreezing the robot: Navigation in dense, interacting crowds}},
url = {http://ieeexplore.ieee.org/lpdocs/epic03/wrapper.htm?arnumber=5654369},
year = {2010}
}

@article{Pellegrini2009,
author = {Pellegrini, S and Ess, a and Schindler, K and van Gool, L},
doi = {10.1109/ICCV.2009.5459260},
file = {:Users/ntraft/Documents/education/robotics/research/pellegrini2009.pdf:pdf},
isbn = {978-1-4244-4420-5},
journal = {2009 IEEE 12th International Conference on Computer Vision},
mendeley-groups = {563 - Robotics/Project},
month = sep,
number = {Iccv},
pages = {261--268},
publisher = {Ieee},
title = {{You'll never walk alone: Modeling social behavior for multi-target tracking}},
url = {http://ieeexplore.ieee.org/lpdocs/epic03/wrapper.htm?arnumber=5459260},
year = {2009}
}
